@ARTICLE{Bierman:KTAIL:TC:1972,
  author = {Biermann, A. W. and Feldman, J.},
  title = {On the Synthesis of Finite-State Machines from Samples of Their Behavior},
  journal = {IEEE Trans. Computers},
  year = {1972},
  pages = {592--597},
  citeulike-article-id = {5120603},
  keywords = {proposal},
  posted-at = {2009-07-11 21:35:17},
  priority = {2}
}

@ARTICLE{Cook:DiscoveringModels:TOSEM:1998,
  author = {Cook, Jonathan E. and Wolf, Alexander L.},
  title = {Discovering models of software processes from event-based data},
  journal = {ACM Trans. Softw. Eng. Methodol.},
  year = {1998},
  volume = {7},
  pages = {215--249},
  number = {3},
  address = {New York, NY, USA},
  doi = {http://doi.acm.org/10.1145/287000.287001},
  file = {:/Users/fabrizio/Dropbox/Articoli/Tutti/CookWolf_-DiscoveringModels-1996.pdf:PDF},
  issn = {1049-331X},
  keywords = {ModelInference},
  publisher = {ACM}
}

@INPROCEEDINGS{RenierisASE2003,
  author = {Renieres, M. and Reiss, S.P.},
  title = {Fault localization with nearest neighbor queries},
  booktitle = {Proceedings of the 18th IEEE International Conference on Automated
	Software Engineering (ASE'03).},
  year = {2003},
  pages = { 30-39},
  month = {Oct.},
  doi = {10.1109/ASE.2003.1240292},
  file = {:/Users/fabrizio/Dropbox/Articoli/Tutti/Renieris_-FaultLoclaizationWithNearestNeighbourQueries-ASE-2003.pdf:PDF},
  issn = {1527-1366 },
  keywords = {FaultLocalization,NearestNeighbour}
}

@ARTICLE{Mariani:BCT:TSE:2011,
  author = {Mariani, L. and Pastore, F. and Pezze, M.},
  title = {Dynamic Analysis for Diagnosing Integration Faults},
  journal = {IEEE Transactions on Software Engineering},
  year = {2011},
  volume = {37},
  pages = {486--508},
  number = {4},
  doi = {10.1109/TSE.2010.93},
  file = {:Mariani-BCT-TSE-2011.pdf:PDF},
  issn = {0098-5589}
}
